% Encoding: UTF-8

@Online{src_serviceworker_heise,
  title = { {S}ervice{W}orker-8a0968f1b295f1ff.png },
  date = {2017-06-16},
  url = {https://www.heise.de/developer/imgs/06/2/2/1/9/1/4/9/ServiceWorker-8a0968f1b295f1ff.png},
  urldate = {2019-11-04}
}
